<?xml version="1.0" encoding="UTF-8"?>
<collection xmlns:xsi="http://www.w3.org/2001/XMLSchema-instance" xsi:schemaLocation="http://www.loc.gov/MARC21/slim http://www.loc.gov/standards/marcxml/schema/MARC21slim.xsd" xmlns="http://www.loc.gov/MARC21/slim">
<record>
  <leader>00844cam a22001931  4500</leader>
  <controlfield tag="001">3063277</controlfield>
  <controlfield tag="003">NNC</controlfield>
  <controlfield tag="005">20130426014925.0</controlfield>
  <controlfield tag="008">010810s1938    ua            000 0 ara d</controlfield>
  <datafield tag="035" ind1=" " ind2=" ">
    <subfield code="a">(OCoLC)ocm47757060</subfield>
  </datafield>
  <datafield tag="035" ind1=" " ind2=" ">
    <subfield code="9">ATN5072CU</subfield>
  </datafield>
  <datafield tag="035" ind1=" " ind2=" ">
    <subfield code="a">(NNC)3063277</subfield>
  </datafield>
  <datafield tag="040" ind1=" " ind2=" ">
    <subfield code="a">ZCU</subfield>
    <subfield code="c">ZCU</subfield>
  </datafield>
  <datafield tag="099" ind1=" " ind2=" ">
    <subfield code="a">893.799</subfield>
    <subfield code="a">Sh1443</subfield>
  </datafield>
  <datafield tag="100" ind1="1" ind2=" ">
    <subfield code="a">Shaybānī, Muḥammad ibn al-Ḥasan,</subfield>
    <subfield code="d">approximately 750-804 or 805.</subfield>
  </datafield>
  <datafield tag="245" ind1="1" ind2="3">
    <subfield code="a">al-Iktisāb fī al-rizq al-mustatāb,</subfield>
    <subfield code="c">taʾlīf Muḥammad ibn al-Ḥasan al-Shaībānī, talkhīṣ tilmīdhihī Muḥammad ibn Samāʻah . ʻArrafa al-kitāb wa-tarjama lil-muʾallif wa-ʻallaqa ḥawāshiyahū Maḥmūd ʻArnūs; nasharahū warājaʻa aṣlahū waṣaḥḥaḥahū ʻIzzat al-ʻAttār.</subfield>
  </datafield>
  <datafield tag="260" ind1=" " ind2=" ">
    <subfield code="a">[al-Qāhirah]</subfield>
    <subfield code="b">Maṭb. al-Anwār,</subfield>
    <subfield code="c">1357 h., 1938 m.</subfield>
  </datafield>
  <datafield tag="300" ind1=" " ind2=" ">
    <subfield code="a">89 p.</subfield>
  </datafield>
  <datafield tag="955" ind1=" " ind2=" ">
    <subfield code="b">CU58846590</subfield>
    <subfield code="d">off,glx</subfield>
    <subfield code="e">893.799 Sh1443</subfield>
  </datafield>
</record>
</collection>